<collection xmlns="http://www.loc.gov/MARC21/slim">
   <record>
      <leader>02743pam a2200529 i 4500</leader>
      <controlfield tag="001">6697446</controlfield>
      <controlfield tag="003">OCoLC</controlfield>
      <controlfield tag="005">20140912114836.0</controlfield>
      <controlfield tag="008">140321s2015    onca     b    001 0 eng  </controlfield>
      <datafield ind1=" " ind2=" " tag="016">
         <subfield code="a">20149017901</subfield>
      </datafield>
      <datafield ind1=" " ind2=" " tag="020">
         <subfield code="a">9780199002498 (pbk.)</subfield>
      </datafield>
      <datafield ind1=" " ind2=" " tag="020">
         <subfield code="a">0199002495 (pbk.)</subfield>
      </datafield>
      <datafield ind1=" " ind2=" " tag="035">
         <subfield code="a">ocn875027310</subfield>
      </datafield>
      <datafield ind1=" " ind2=" " tag="040">
         <subfield code="a">NLC</subfield>
         <subfield code="b">eng</subfield>
         <subfield code="e">rda</subfield>
         <subfield code="c">NLC</subfield>
         <subfield code="d">OCLCO</subfield>
         <subfield code="d">OCLCF</subfield>
         <subfield code="d">OCLCO</subfield>
         <subfield code="d">UAB</subfield>
      </datafield>
      <datafield ind1=" " ind2=" " tag="043">
         <subfield code="a">n-cn---</subfield>
      </datafield>
      <datafield ind1=" " ind2="4" tag="050">
         <subfield code="a">KE8200</subfield>
         <subfield code="b">.H39 2015</subfield>
      </datafield>
      <datafield ind1=" " ind2="0" tag="055">
         <subfield code="a">KE8200</subfield>
         <subfield code="b">H39 2015</subfield>
      </datafield>
      <datafield ind1="0" ind2="6" tag="055">
         <subfield code="a">KF8700 ZA2</subfield>
         <subfield code="b">H39 2015</subfield>
         <subfield code="2">kfmod</subfield>
      </datafield>
      <datafield ind1="0" ind2="4" tag="082">
         <subfield code="a">347.71/01</subfield>
         <subfield code="2">23</subfield>
      </datafield>
      <datafield ind1=" " ind2=" " tag="090">
         <subfield code="a">347.7101 HAU</subfield>
         <subfield code="b">AEVC</subfield>
      </datafield>
      <datafield ind1=" " ind2=" " tag="090">
         <subfield code="a">KF 8700 ZA2 H39 2015</subfield>
         <subfield code="b">AEU</subfield>
      </datafield>
      <datafield ind1=" " ind2=" " tag="090">
         <subfield code="a">KE8200 .H39 2015</subfield>
         <subfield code="b">AEGMCT</subfield>
      </datafield>
      <datafield ind1="1" ind2=" " tag="100">
         <subfield code="a">Hausegger, Lori,</subfield>
         <subfield code="d">1970- ,</subfield>
         <subfield code="e">author.</subfield>
         <subfield code="0">http://id.loc.gov/authorities/names/no2009009619</subfield>
         <subfield code="0">http://viaf.org/viaf/9680042</subfield>
      </datafield>
      <datafield ind1="1" ind2="0" tag="245">
         <subfield code="a">Canadian courts :</subfield>
         <subfield code="b">law, politics, and process /</subfield>
         <subfield code="c">Lori Hausegger, Matthew Hennigar, Troy Riddell.</subfield>
      </datafield>
      <datafield ind1=" " ind2=" " tag="250">
         <subfield code="a">Second edition.</subfield>
      </datafield>
      <datafield ind1=" " ind2="1" tag="264">
         <subfield code="a">Don Mills, Ontario :</subfield>
         <subfield code="b">Oxford University Press Canada,</subfield>
         <subfield code="c">[2015]</subfield>
      </datafield>
      <datafield ind1=" " ind2=" " tag="300">
         <subfield code="a">vi, 457 pages :</subfield>
         <subfield code="b">illustrations ;</subfield>
         <subfield code="c">23 cm</subfield>
      </datafield>
      <datafield ind1=" " ind2=" " tag="336">
         <subfield code="a">text</subfield>
         <subfield code="b">txt</subfield>
         <subfield code="2">rdacontent</subfield>
         <subfield code="0">http://id.loc.gov/vocabulary/contentTypes/txt</subfield>
      </datafield>
      <datafield ind1=" " ind2=" " tag="337">
         <subfield code="a">unmediated</subfield>
         <subfield code="b">n</subfield>
         <subfield code="2">rdamedia</subfield>
         <subfield code="0">http://id.loc.gov/vocabulary/mediaTypes/n</subfield>
      </datafield>
      <datafield ind1=" " ind2=" " tag="338">
         <subfield code="a">volume</subfield>
         <subfield code="b">nc</subfield>
         <subfield code="2">rdacarrier</subfield>
         <subfield code="0">http://id.loc.gov/vocabulary/carriers/nc</subfield>
      </datafield>
      <datafield ind1=" " ind2=" " tag="504">
         <subfield code="a">Includes bibliographical references (pages 415-438) and index.</subfield>
      </datafield>
      <datafield ind1=" " ind2=" " tag="596">
         <subfield code="a">3 29 43</subfield>
      </datafield>
      <datafield ind1=" " ind2="0" tag="650">
         <subfield code="a">Judicial process</subfield>
         <subfield code="z">Canada.</subfield>
      </datafield>
      <datafield ind1=" " ind2="0" tag="650">
         <subfield code="a">Justice, Administration of</subfield>
         <subfield code="z">Canada.</subfield>
         <subfield code="0">http://id.loc.gov/authorities/subjects/sh2008122613</subfield>
      </datafield>
      <datafield ind1=" " ind2="0" tag="650">
         <subfield code="a">Courts</subfield>
         <subfield code="z">Canada.</subfield>
      </datafield>
      <datafield ind1=" " ind2="0" tag="650">
         <subfield code="a">Law</subfield>
         <subfield code="x">Political aspects</subfield>
         <subfield code="z">Canada.</subfield>
      </datafield>
      <datafield ind1=" " ind2="0" tag="650">
         <subfield code="a">Political questions and judicial power</subfield>
         <subfield code="z">Canada.</subfield>
      </datafield>
      <datafield ind1="1" ind2=" " tag="700">
         <subfield code="a">Riddell, Troy Q.</subfield>
         <subfield code="q">(Troy Quinn),</subfield>
         <subfield code="d">1969- ,</subfield>
         <subfield code="e">author.</subfield>
         <subfield code="0">http://id.loc.gov/authorities/names/no2009009607</subfield>
         <subfield code="0">http://viaf.org/viaf/26899465</subfield>
      </datafield>
      <datafield ind1="1" ind2=" " tag="700">
         <subfield code="a">Hennigar, Matthew A.</subfield>
         <subfield code="q">(Matthew Aaron),</subfield>
         <subfield code="d">1971- ,</subfield>
         <subfield code="e">author.</subfield>
         <subfield code="0">http://id.loc.gov/authorities/names/no2009009604</subfield>
         <subfield code="0">http://viaf.org/viaf/24435106</subfield>
      </datafield>
      <datafield ind1=" " ind2=" " tag="758">
         <subfield code="0">http://worldcat.org/entity/work/id/23596926</subfield>
      </datafield>
      <datafield ind1="0" ind2=" " tag="787">
         <subfield code="n">OCLC Work Id</subfield>
         <subfield code="o">http://worldcat.org/entity/work/id/23596926</subfield>
      </datafield>
      <datafield ind1=" " ind2=" " tag="949">
         <subfield code="a">KF 8700 ZA2 H39 2015</subfield>
         <subfield code="c">1</subfield>
         <subfield code="h">UALA-B</subfield>
         <subfield code="i">0162035161445</subfield>
      </datafield>
      <datafield ind1=" " ind2=" " tag="999">
         <subfield code="h">GMCT-OS-B</subfield>
      </datafield>
      <datafield ind1=" " ind2=" " tag="947">
         <subfield code="b">MLA</subfield>
         <subfield code="f">QGM</subfield>
         <subfield code="h">GMCT-OS-B</subfield>
         <subfield code="p">55.40</subfield>
         <subfield code="q">1</subfield>
         <subfield code="z">9780199002498</subfield>
      </datafield>
      <datafield ind1=" " ind2=" " tag="926">
         <subfield code="a">347.7101 HAU</subfield>
         <subfield code="w">DEWEY</subfield>
         <subfield code="c">1</subfield>
         <subfield code="i">33862001336563</subfield>
         <subfield code="d">3/14/2017</subfield>
         <subfield code="e">2/25/2017</subfield>
         <subfield code="l">ON_SHELF</subfield>
         <subfield code="m">NORQ_MAIN</subfield>
         <subfield code="n">8</subfield>
         <subfield code="p">$57.23</subfield>
         <subfield code="r">Y</subfield>
         <subfield code="s">Y</subfield>
         <subfield code="t">BOOK</subfield>
         <subfield code="u">10/10/2014</subfield>
      </datafield>
      <datafield ind1=" " ind2=" " tag="926">
         <subfield code="a">KE8200 .H39 2015</subfield>
         <subfield code="w">LC</subfield>
         <subfield code="c">1</subfield>
         <subfield code="i">1007767989</subfield>
         <subfield code="d">1/25/2017</subfield>
         <subfield code="e">1/9/2017</subfield>
         <subfield code="l">ON_SHELF</subfield>
         <subfield code="m">GR_MACEWAN</subfield>
         <subfield code="n">3</subfield>
         <subfield code="p">$55.40</subfield>
         <subfield code="r">Y</subfield>
         <subfield code="s">Y</subfield>
         <subfield code="t">BOOK</subfield>
         <subfield code="u">5/26/2015</subfield>
      </datafield>
      <datafield ind1=" " ind2=" " tag="926">
         <subfield code="a">KF 8700 ZA2 H39 2015</subfield>
         <subfield code="w">LC</subfield>
         <subfield code="c">1</subfield>
         <subfield code="i">0162035161445</subfield>
         <subfield code="d">2/9/2017</subfield>
         <subfield code="e">2/9/2017</subfield>
         <subfield code="k">RESERVES</subfield>
         <subfield code="l">ON_SHELF</subfield>
         <subfield code="m">UAHSS</subfield>
         <subfield code="n">10</subfield>
         <subfield code="p">$150.00</subfield>
         <subfield code="r">Y</subfield>
         <subfield code="s">Y</subfield>
         <subfield code="t">SHORT_LOAN</subfield>
         <subfield code="u">9/25/2014</subfield>
         <subfield code="o">.CIRCNOTE. Please change book location to Law upon removal from the reserve</subfield>
      </datafield>
   </record>
</collection>
